@article{hawthorne2018enabling,
  title={Enabling factorized piano music modeling and generation with the MAESTRO dataset},
  author={Hawthorne, Curtis and Stasyuk, Andriy and Roberts, Adam and Simon, Ian and Huang, Cheng-Zhi Anna and Dieleman, Sander and Elsen, Erich and Engel, Jesse and Eck, Douglas},
  journal={arXiv preprint arXiv:1810.12247},
  year={2018}
}

@article{perrot1999scanning,
  title={Scanning the dial: An exploration of factors in the identification of musical style},
  author={Perrot, David},
  journal={Proc. of ICMPC 1999},
  year={1999}
}

@article{scaringella2006automatic,
  title={Automatic genre classification of music content: a survey},
  author={Scaringella, Nicolas and Zoia, Giorgio and Mlynek, Daniel},
  journal={IEEE Signal Processing Magazine},
  volume={23},
  number={2},
  pages={133--141},
  year={2006},
  publisher={IEEE}
}

@article{yoshitaka1999survey,
  title={A survey on content-based retrieval for multimedia databases},
  author={Yoshitaka, Atsuo and Ichikawa, Tadao},
  journal={IEEE Transactions on Knowledge and Data Engineering},
  volume={11},
  number={1},
  pages={81--93},
  year={1999},
  publisher={IEEE}
}

@book{klapuri2007signal,
  title={Signal processing methods for music transcription},
  author={Klapuri, Anssi and Davy, Manuel},
  year={2007},
  publisher={Springer Science \& Business Media}
}

@inproceedings{berg2014unsupervised,
  title={Unsupervised transcription of piano music},
  author={Berg-Kirkpatrick, Taylor and Andreas, Jacob and Klein, Dan},
  booktitle={Advances in neural information processing systems},
  pages={1538--1546},
  year={2014}
}

@article{benetos2012shift,
  title={A shift-invariant latent variable model for automatic music transcription},
  author={Benetos, Emmanouil and Dixon, Simon},
  journal={Computer Music Journal},
  volume={36},
  number={4},
  pages={81--94},
  year={2012},
  publisher={MIT Press}
}

@article{klapuri2003multiple,
  title={Multiple fundamental frequency estimation based on harmonicity and spectral smoothness},
  author={Klapuri, Anssi P},
  journal={IEEE Transactions on Speech and Audio Processing},
  volume={11},
  number={6},
  pages={804--816},
  year={2003},
  publisher={IEEE}
}

@inproceedings{emiya2008automatic,
  title={Automatic transcription of piano music based on HMM tracking of jointly-estimated pitches},
  author={Emiya, Valentin and Badeau, Roland and David, Bertrand},
  booktitle={Signal Processing Conference, 2008 16th European},
  pages={1--5},
  year={2008},
  organization={IEEE}
}

@article{cuthbert2010music21,
  title={music21: A toolkit for computer-aided musicology and symbolic music data},
  author={Cuthbert, Michael Scott and Ariza, Christopher},
  year={2010},
  publisher={International Society for Music Information Retrieval}
}

@inproceedings{smaragdis2003non,
  title={Non-negative matrix factorization for polyphonic music transcription},
  author={Smaragdis, Paris and Brown, Judith C},
  booktitle={IEEE workshop on applications of signal processing to audio and acoustics},
  volume={3},
  number={3},
  pages={177--180},
  year={2003},
  organization={New York}
}

@article{kelz2016potential,
  title={On the potential of simple framewise approaches to piano transcription},
  author={Kelz, Rainer and Dorfer, Matthias and Korzeniowski, Filip and B{\"o}ck, Sebastian and Arzt, Andreas and Widmer, Gerhard},
  journal={arXiv preprint arXiv:1612.05153},
  year={2016}
}

@article{sigtia2016end,
  title={An end-to-end neural network for polyphonic piano music transcription},
  author={Sigtia, Siddharth and Benetos, Emmanouil and Dixon, Simon},
  journal={IEEE/ACM Transactions on Audio, Speech, and Language Processing},
  volume={24},
  number={5},
  pages={927--939},
  year={2016},
  publisher={IEEE}
}

@article{hawthorne2017onsets,
  title={Onsets and frames: Dual-objective piano transcription},
  author={Hawthorne, Curtis and Elsen, Erich and Song, Jialin and Roberts, Adam and Simon, Ian and Raffel, Colin and Engel, Jesse and Oore, Sageev and Eck, Douglas},
  journal={arXiv preprint arXiv:1710.11153},
  year={2017}
}

@article{emiya2010multipitch,
  title={Multipitch estimation of piano sounds using a new probabilistic spectral smoothness principle},
  author={Emiya, Valentin and Badeau, Roland and David, Bertrand},
  journal={IEEE Transactions on Audio, Speech, and Language Processing},
  volume={18},
  number={6},
  pages={1643--1654},
  year={2010},
  publisher={IEEE}
}